 
% ksiazka
@Book{bib:gps,
  Title                    = {GPS: A Guide to the Next Utility},
  Author                   = {Jeff Hurn},
  Publisher                = {Trimble Navigation Ltd},
  Year                     = {1989},
  Address                  = {Sunnyvale},
  ISBN                     = {97-899-9253-7-015}
}

% ksiazka
@Book{bib:java,
  Title                    = {Java. Efektywne programowanie},
  Author                   = {Joshua Bloch},
  Publisher                = {Wydawnictwo Helion},
  Year                     = {2018},
  Address                  = {Gliwice},
  ISBN                     = {978-83-283-9896-2}
}

% zrodlo internetowe
@online{bib:spring,
  author                   = {Spring Boot},
  title                    = {Spring Boot - oficjalna strona producenta},
  year                     = {2025}, 
  url                      = {https://spring.io/projects/spring-boot},
  urldate                  = {19.01.2025}
}

% ksiazka
@Book{bib:javascript,
  Title                    = {JavaScript. The Definitive Guide},
  Author                   = {David Flanagan},
  Publisher                = {O'Reilly Media},
  Year                     = {2020},
  Address                  = {Sebastopol},
  ISBN                     = {978-1565923928}
}

% zrodlo internetowe
@online{bib:typescript,
  author                   = {TypeScript},
  title                    = {TypeScript - oficjalna dokumentacja producenta},
  year                     = {2025}, 
  url                      = {https://www.typescriptlang.org/docs/handbook/typescript-in-5-minutes.html},
  urldate                  = {19.01.2025}
}

% zrodlo internetowe
@online{bib:react,
  author                   = {React},
  title                    = {React - oficjalna strona producenta},
  year                     = {2025}, 
  url                      = {https://react.dev/learn},
  urldate                  = {19.01.2025}
}

% zrodlo internetowe
@online{bib:postgres,
  author                   = {PostgreSQL},
  title                    = {PostgreSQL - oficjalna strona producenta},
  year                     = {2025}, 
  url                      = {https://www.postgresql.org/docs/},
  urldate                  = {19.01.2025}
}

% zrodlo internetowe
@online{bib:postgis,
  author                   = {PostGIS},
  title                    = {PostGIS - oficjalna strona producenta},
  year                     = {2025}, 
  url                      = {https://postgis.net/documentation/},
  urldate                  = {19.01.2025}
}

% zrodlo internetowe
@online{bib:hibernate,
  author                   = {Hibernate},
  title                    = {Hibernate - oficjalna strona producenta},
  year                     = {2025}, 
  url                      = {https://hibernate.org/orm/},
  urldate                  = {19.01.2025}
}

% zrodlo internetowe
@online{bib:git,
  author                   = {Git},
  title                    = {Git - oficjalna strona producenta},
  year                     = {2025}, 
  url                      = {https://git-scm.com/doc},
  urldate                  = {19.01.2025}
}